<?xml version="1.0" encoding="UTF-8"?><collection xmlns="http://www.loc.gov/MARC21/slim"><record><leader>00393nam--2200121-i-4500</leader><controlfield tag="001">000038017</controlfield><controlfield tag="002">20161230</controlfield><controlfield tag="005">20161230201041</controlfield><controlfield tag="008">060222s1000------------r-----000-0-eng-d</controlfield><datafield ind1=" " ind2=" " tag="100"><subfield code="a">Rave, H.P</subfield></datafield><datafield ind1=" " ind2=" " tag="245"><subfield code="a">Uber zustandsanderungen in homogenen mischkristallphasen und ihren einfluss and leitfahigkeit und hallkonstante. (teza)</subfield></datafield><datafield ind1=" " ind2=" " tag="260"><subfield code="a">Stuttgart, Technischen Hochschule, 1961, 18p</subfield></datafield><datafield ind1=" " ind2=" " tag="852"><subfield code="a">3191</subfield></datafield></record></collection>